2414 3115
197 166 298 213 27⁴
646 150 1049 197 turni-rm·
1108 147 1309 191 arent
1362 146 1811 194 sternant:
1911 144 1915 146 ·

199 253 430 307 tamen
442 234 597 303 vitae
613 227 958 302 san&itate
973 223 1184 326 longe*
1197 223 1527 296 celebrior
1551 282 1576 310 ‚
1627 230 1698 299 in
1735 230 2273 327 expugnatione,

199 331 609 408 Traietstensi
635 334 1038 406 charitatem
1067 328 1303 400 sauciis
1334 328 1663 401 militibus
1688 333 1875 403 nullo
1905 355 2055 402 aeuo
2072 333 2275 402 inter-

199 441 609 512 morituram
634 434 970 507 exhibuit.
1025 435 1166 504 Illic
1193 432 1377 502 enim
1395 428 1608 528 spreta
1625 436 1863 505 mortis
1881 428 2279 505 formidine,-

198 545 377 614 inter
402 537 738 611 horrisoni
769 539 1001 608 martis
1032 538 1337 607 tonitrua
1363 531 1531 605 adeo
1562 533 1766 605 libere
1793 562 1990 634 prom
1999 535 2280 635 pteque,

200 646 718 718 vulneratorum
738 643 1037 711 militum
1054 633 1499 710 confeffiones
1516 641 1810 737 excepit,
1834 664 1913 710 vt
1929 640 2013 710 ab
2030 636 2102 709 eei
2120 666 2281 736 ope-

199 744 274 820 ῐῖι
293 771 417 817 nec
434 743 845 844 ipsiquidem
866 745 1114 814 milites
1128 766 1283 815 eum
1302 745 1918 840 auerterepotuerin
1930 766 1978 812 t.
2014 748 2284 833 Qare2

201 873 475 923 tantum
492 872 797 919 amorem
814 845 911 917 sui
925 848 994 917 in
1012 847 1308 916 militum
1328 846 1568 915 animis
1585 846 2018 927 excitauitfft
2033 843 2117 915 ad
2129 869 2285 914 eum

202 951 658 1054 protegedum
687 953 864 1021 inter
881 950 1024 1020 haec
1039 949 1304 1047 pietatis
1324 945 1615 1045 opera‚se
1630 946 1805 1046 ipsos
1826 948 2118 1018 hostium
2140 949 2286 1017 telis

203 1055 611 1128 obiecerint.
658 1050 1074 1124 Ceciderant
1097 1054 1165 1121 in
1194 1054 1445 1122 vallum
1473 1051 1624 1122 vrbi
1643 1050 2014 1123 subiecstum
2033 1078 2115 1121 ex
2129 1076 2285 1148 pro-

205 1155 705 1260 pugnatoribus
722 1181 861 1226 non
881 1158 1101 1252 pauci,
1117 1153 1500 1225 stimulabat
1519 1153 1949 1225 fernandum
1973 1157 2086 1253 pia
2109 1153 2288 1224 folli-

205 1258 447 1334 citudo
462 1257 545 1330 ad
559 1282 765 1358 opem
781 1284 862 1329 eo
877 1260 947 1328 in
964 1259 1253 1329 arti-culo
1270 1254 1508 1327 sauci-is
1521 1250 1929 1328 afferendam
1960 1309 1976 1325 .
2011 1259 2182 1326 Eam
2208 1258 2280 1325 in

209 1388 352 1434 rem
373 1364 508 1434 hoc
525 1363 988 1461 strategemate
1001 1358 1155 1433 vsus
1171 1360 1260 1431 est
1275 1413 1291 1428 .
1345 1360 1539 1430 Dum
1555 1382 1749 1459 vrget
1763 1356 2024 1430 obsidio
2040 1357 2287 1430 subve-

211 1464 480 1566 sperum
496 1464 584 1537 ab
596 1466 924 1536 haereticis
941 1460 1003 1534 se
1017 1463 1457 1535 vulneratum
1474 1461 1739 1534 simulat
1751 1518 1779 1546 ,.
1826 1459 2156 1559 [ἰσιηὶῑῇηε
2171 1485 2289 1560 per

212 1593 528 1668 aggerem
545 1565 852 1638 deuoluit
865 1619 882 1635 .
983 1563 1227 1638 Risum
1243 1567 1468 1636 mouit
1481 1566 1837 1637 Haereticis-
1853 1564 2206 1636 Catholici
2218 1569 2294 1640 &c

213 1673 586 1743 Hetaeriani
603 1666 962 1741 sacerdotis
978 1665 1287 1739 casus.At
1301 1669 1409 1738 ille
1423 1666 1602 1738 aliud
1617 1670 1850 1738 animo
1866 1670 2113 1739 voluen
2123 1693 2291 1758 &ce-

214 1778 318 1873 pit
331 1771 812 1845 increscetibus
828 1770 1120 1841 tenebris
1136 1772 1318 1840 circa
1335 1769 1744 1841 moribunda
1773 1769 2102 1841 cadauera
2126 1796 2291 1870 pau-

218 1879 409 1948 latim
425 1871 875 1974 adreperedim
886 1872 1260 1970 ulc‘1uevitae
1275 1873 1617 1970 explorare
1630 1871 1883 1944 indicia
1896 1924 1915 1952 ‚
1940 1878 2014 1946 δε
2028 1872 2108 1943 ad
2126 1900 2295 1945 con-

222 1974 571 2051 feffionem
587 1975 1025 2049 hortari.Nec
1042 1971 1627 2065 industriefrucstus
1641 1974 1855 2047 defuit
1869 1978 2289 2062 40.militum

219 2077 670 2154 conscientias
685 2106 761 2151 ea
777 2081 975 2150 noste
990 2077 1336 2176 expediuit
1367 2126 1389 2156 ‚
1439 2084 1514 2152 δε
1537 2076 1959 2149 illucescente
1974 2077 2080 2148 elie
2095 2075 2289 2148 sacrae

227 2187 476 2284 Crucis
502 2185 880 2284 imaginem
907 2207 1120 2253 manu
1141 2182 1399 2281 gestans
1424 2179 1755 2280 reptando
1781 2179 1865 2252 aci
1890 2178 2040 2252 suos
2066 2179 2288 2263 euasit,

223 2274 441 2359 salu'us
466 2285 742 2384 quidem
757 2285 842 2357 ab
857 2287 1102 2357 iniuria
1114 2285 1410 2357 hostium
1424 2341 1447 2368 ,
1462 2308 1531 2355 at
1545 2310 1686 2355 non
1703 2281 1834 2355 sine
1850 2283 2104 2353 damno
2122 2281 2291 2355 sani-

224 2393 405 2462 tatis.
439 2385 724 2462 Laeserat
748 2392 931 2459 enim
958 2386 1418 2462 valetudinem
1432 2388 1655 2487 grauis
1669 2385 1845 2457 odor
1858 2383 2291 2470 cadauerum,

225 2491 337 2564 sed
351 2492 693 2564 charitatis
706 2490 1016 2562 ardorem
1032 2512 1172 2561 non
1191 2492 1497 2562 extinxit.
1514 2489 1699 2559 Nam
1716 2488 1919 2587 paulo
1935 2489 2081 2587 post
2096 2515 2294 2562 com-

220 2596 523 2694 pluresin
541 2617 769 2693 pugna
785 2593 1073 2690 quadam
1103 2592 1369 2668 occisos
1395 2590 1776 2677 audiuerat,
1815 2591 1924 2663 sed
1953 2591 2289 2666 accessum

222 2699 532 2794 corporis
547 2700 833 2795 languor
845 2698 939 2765 im
946 2695 1279 2793 pediebat.
1291 2720 1367 2768 vt
1379 2691 1540 2767 vero
1556 2720 1682 2766 nec
1700 2691 1785 2768 fic
1801 2695 2076 2794 quidem
2095 2696 2288 2770 mise-

223 2826 333 2876 ros
357 2797 681 2873 desereret
702 2823 781 2902 ex
798 2795 991 2897 socijs
1010 2794 1551 2889 fratriwmcetio
1572 2822 1828 2871 nomen
1847 2805 2020 2892 erat)
2023 2791 2287 2900 persua-

2080 2898 2182 2983 fia,
