2414 3115
818 167 1582 233 socttrarstswissrs
1790 166 1794 167 ’
2088 185 2156 230 253

80 258 386 333 foeminae
413 255 717 340 vultum3
752 264 1066 357 quamuis
1091 286 1186 357 ex*
1202 255 1437 333 officio
1464 285 1676 361 portae
1707 285 1941 334 curam
1970 290 2156 365 gere-

78 387 246 443 retm
257 389 558 462 unquam
577 361 1032 462 aspexit.Sileo
1050 366 1163 434 hic
1178 358 1512 448 AlovfiOS,
1533 363 2071 450 Berckmannos,
2089 397 2160 438 a·-

80 467 343 562 liosque
361 470 746 565 complures
771 523 793 548 ,
849 467 1097 563 quibus
1124 469 1486 537 oculorum
1506 470 1789 540 victoria
1806 468 1890 539 ad
1906 468 2156 567 seipsos

78 568 456 640 vincendos
475 573 778 639 maximo
796 569 1192 638 adiumento
1212 564 1475 655 fuit.Ali
1480 575 1533 664 js
1552 595 1712 640 cum
1731 574 2042 656 manibus
2060 573 2153 644 n6

81 673 224 739 min
237 695 310 740 us
327 668 613 743 difficilis
628 697 857 771 pugna
873 673 1118 740 extitit.
1136 671 1444 740 Thomas
1461 671 1853 744 Sanchesius
1869 675 2060 746 cuius
2075 674 2155 745 de

79 774 539 844 Matrimonio
566 776 772 845 libros
794 770 944 844 tota
968 771 1442 842 consultorum
1472 777 1663 843 natio
1691 775 2002 847 nondum
2043 776 2156 847 ade

81 877 310 943 mirari
327 874 944 973 definit,nunquam
961 876 1031 944 in
1049 875 1255 944 horto
1273 869 1514 945 folium
1533 901 1613 945 ex
1628 877 1866 946 arbore
1880 878 2153 949 decute-

81 1001 150 1044 re
167 975 414 1046 nedum
437 976 726 1047 fructum
746 978 1101 1074 decerpere
1127 974 1358 1049 solitus
1386 978 1513 1047 estc¹
1585 980 1718 1075 Alij
1751 1006 1873 1049 nec
1900 983 2152 1052 chartae

80 1076 318 1148 folium
337 1078 632 1159 dare,aut
657 1084 961 1177 accipere
988 1077 1105 1149 nifi
1119 1082 1330 1177 petita
1345 1081 2151 1153 licentiaconsueuerunt.

77 1181 248 1275 Alijs
277 1206 435 1250 cum
465 1179 601 1278 ipsa
617 1179 856 1253 natura
871 1180 986 1253 fibi
1004 1180 1748 1254 aduersantiahorrente
1775 1184 2151 1255 obludatio

80 1285 398 1351 omnium
420 1281 716 1354 maxime
733 1284 936 1355 ardua
952 1280 1110 1355 fuit:
1164 1286 1372 1381 quam
1398 1307 1474 1354 vt
1499 1289 1810 1356 nonnulli
1829 1287 2038 1357 heroo
2055 1283 2153 1358 fa-

81 1386 325 1454 cinore
342 1383 725 1482 superarent
747 1443 768 1468 ,
838 1390 905 1456 in
948 1385 1369 1456 noiodochia
1391 1388 1670 1458 velutin
1700 1414 1968 1459 arenam
1999 1416 2154 1487 pro-

81 1487 831 1559 uocarunt.Franciscus
845 1491 1183 1559 Xauerius
1211 1488 1328 1557 Sol
1353 1491 1460 1557 ille
1487 1489 1793 1572 Indicus,
1849 1491 1932 1560 ad
1958 1495 2151 1563 cuius

80 1586 305 1658 radios
334 1612 439 1660 tot
463 1593 630 1660 locis
655 1617 852 1661 coeca
878 1605 1022 1658 nox
1045 1591 1442 1689 gentilitatis
1468 1588 1792 1687 disparuit
1814 1644 1833 1672 ,
1883 1617 2045 1663 cum
2073 1597 2149 1692 in

78 1690 566 1787 valetudinario
594 1716 839 1773 veneto
867 1695 1056 1791 aegris
1093 1689 1442 1762 inseruitet
1461 1741 1480 1767 ‚
1538 1698 1610 1765 &
1637 1691 1673 1762 ὲ
1701 1719 1889 1765 certo
1915 1698 2144 1793 aliquo

78 1792 417 1891 praecipue
445 1795 802 1866 abhorrete
828 1819 1141 1865 naturam
1168 1793 1764 1876 animaduerteret,
1782 1801 1892 1868 cui
1919 1825 2001 1868 ex
2017 1795 2143 1868 foe-

77 1893 171 1963 do
199 1899 421 1966 Vlcere
447 1896 817 1967 seciundum
856 1898 1094 1966 tibiam
1124 1895 1329 1966 sanies
1357 1893 1602 1968 foetore
1625 1903 1849 1999 grauis
1876 1952 1895 1980 ‚
1950 1906 2022 1974 δε
2050 1900 2147 1971 as·-

70 2000 266 2095 pecstu
294 1998 564 2069 horrida
590 2000 983 2082 ebulliebat,
1039 2022 1350 2070 naturam
1377 1994 1554 2070 iuffit
1579 1999 1913 2099 quidquid
1940 2005 2145 2074 habe·-

76 2124 177 2170 ret
201 2104 447 2171 virium
475 2152 492 2180 ,
539 2101 828 2171 exserere
853 2153 870 2181 ,
913 2099 972 2170 se
996 2104 1243 2198 pariter
1269 2128 1410 2172 non
1441 2105 1961 2201 imparatum,in
1978 2132 2144 2205 prae-

81 2202 248 2275 lium
274 2226 641 2274 vventurum
671 2257 687 2272 .
793 2205 1086 2273 Summo
1113 2207 1456 2302 Vtrimque
1492 2230 1748 2279 conatu
1776 2234 2139 2309 pugnatur:

76 2302 188 2374 sed
212 2308 392 2374 illam
430 2309 588 2375 licet
623 2305 739 2375 diu
765 2306 1265 2387 obluciantem‚
1292 2305 1669 2403 superatam
1709 2310 1789 2380 ad
1828 2315 2145 2409 purulen-

81 2428 220 2474 tam
257 2410 515 2479 ¹tibiam
555 2409 911 2505 prosternit
935 2460 953 2488 ,
1023 2414 1094 2481 &
1132 2414 1372 2507 apertis
1401 2407 1706 2483 faucibus
1735 2411 2005 2486 effluens
2046 2438 2145 2484 ta-

84 2507 253 2576 bum
304 2514 496 2608 cogit
549 2509 860 2610 exsugere
883 2540 903 2579 t
1009 2537 1148 2608 quo
1193 2515 1355 2583 ‘vnd-
1407 2509 1709 2587 facinore
1758 2541 1975 2587 totam
2034 2543 2150 2587 na-

78 2633 302 2679 turam
374 2615 822 2709 triumphauit
861 2665 879 2694 ,
944 2618 1037 2685 δε·
1069 2612 1383 2712 deinceps
1433 2616 1515 2686 ad
1561 2644 1804 2690 nutum
1844 2644 2146 2717 paratam
2232 2665 2235 2668 -

84 2711 325 2783 habuit
377 2716 443 2783 in
496 2717 838 2786 omnibus.
946 2717 1167 2806 Quod
1192 2743 1416 2788 autem
1451 2720 1802 2814 admireris
1838 2727 1905 2792 in
1946 2748 2147 2820 opere

88 2818 403 2889 omnium
452 2815 919 2919 gloriolissimo
969 2814 1511 2918 difficillimoque
1559 2828 1877 2902 aemulum
1918 2827 2147 2892 nacstus

1278 2926 1323 2990 F
1341 2918 1377 2992 f
1470 2953 1505 2992 2
1955 2926 2044 2993 est
