2414 3115
227 88 304 143 74'
787 81 941 124 788
1012 79 1228 123 ANNI
1294 78 1824 125 sscvzants

225 192 373 243 reus
389 161 688 265 receptui
669 159 1074 254 cecinisset)
1083 164 1432 262 tempestas
1448 168 1808 263 acquieuit.
1825 163 2122 239 Rifimus
2139 161 2302 240 affa-

229 274 357 345 tim
373 271 881 370 perplexitatem
899 270 1213 347 nostram,
1234 293 1415 364 meq3
1433 267 1816 365 praesertim,
1848 267 2039 367 quod
2055 270 2297 342 Thesei

231 374 607 447 honoribus
622 369 880 442 viderer
893 367 1334 471 dignisslmus.
1381 374 1587 441 Earus
1605 397 1810 468 porro
1837 369 2142 445 officiose
2168 371 2309 444 eas«

233 476 390 548 dem
409 477 577 546 mihi
593 470 928 544 deferebat
945 472 1205 545 rursum
1219 471 1437 556 irideS,
1455 499 1602 570 quae
1619 501 1742 572 pro
1760 479 2034 546 coronis
2064 500 2304 572 atquc»

237 606 399 650 arcu
416 577 952 673 triumphantem
970 574 1375 647 Sanouisum
1393 603 1714 646 exornare
1731 574 2011 675 possent.
2030 577 2159 648 Sed
2173 605 2299 676 ego

235 707 348 752 me
363 690 510 751 tum
529 677 805 775 quidem
822 677 971 749 satis
988 682 1267 749 honoris
1283 706 1360 750 ac
1381 679 1674 750 madoris
1691 676 2010 751 abstulisse
2027 679 2166 749 dixi·
2181 737 2206 762 ,.
2233 709 2300 749 a-

234 781 351 855 lias
367 782 451 854 ad
465 780 733 853 eosdem
750 785 1011 853 cautius
1029 782 1424 853 rediturum.

387 883 639 956 Etefius
656 882 934 955 subinde
948 882 1336 955 artificiosas
1352 885 1547 956 nobis
1575 887 1643 953 in
1664 882 1873 954 floreo
1902 885 2036 954 hoc
2053 908 2305 980 campo
2388 966 2395 974 ⁶

236 1013 441 1087 aquas
457 989 786 1086 explicare
802 984 1301 1087 aggressuzillas·
1316 1014 1396 1058 ex
1412 984 1721 1058 altiffimo
1738 990 1926 1058 iuxta
1942 987 2129 1056 more
2145 1012 2312 1084 prae-
2340 1069 2344 1070 γ

237 1094 473 1190 cipites
489 1117 605 1188 per
623 1093 924 1160 canalem
943 1089 1449 1161 subterraneum
1466 1089 1681 1160 delabi
1701 1089 2152 1168 memorabat,
2156 1114 2309 1184 quo

237 1193 530 1290 denique
544 1217 661 1290 per
674 1217 878 1263 Vnam
896 1196 1378 1261 columnarum
1395 1196 1463 1261 in
1482 1194 1657 1261 hanc
1675 1190 2100 1260 altitudinem
2129 1190 2313 1260 flexo

237 1322 430 1393 aquae
444 1296 891 1392 excipiantur,
911 1319 1312 1389 nouumque
1327 1296 1394 1363 in
1415 1297 1754 1363 columnae
1771 1295 1991 1389 capite
2018 1289 2312 1362 fontem,

235 1399 633 1510 parturiant.
673 1400 773 1467 Ex
792 1396 1065 1467 occulta
1082 1398 1208 1467 hac
1225 1394 1630 1511 scaturigine
1647 1397 1897 1465 multos
1911 1420 2306 1493 peragrum„

237 1503 473 1572 tectim
490 1496 737 1598 sparsos
755 1497 874 1570 effe
891 1500 1127 1578 tubos,
1156 1524 1278 1595 qur
1260 1497 1528 1567 deinde
1545 1496 1627 1566 ad
1642 1499 1882 1593 Soterij
1901 1501 2098 1566 Parth
2110 1523 2314 1567 eniae-

238 1630 372 1701 que
387 1601 666 1724 insignia
681 1628 798 1699 per
810 1602 1005 1672 flores
1022 1628 1101 1671 ex
1117 1627 1203 1669 aer
1207 1629 1240 1670 e
1257 1598 1446 1669 fistos
1466 1600 1861 1696 hiantesque
1878 1597 2312 1719 exspirarent,

238 1706 353 1778 vbi
370 1730 666 1803 prlmum
683 1705 944 1775 laxata
926 1731 994 1775 m
1021 1702 1455 1803 grandiorem
1483 1701 1727 1773 tubum
1755 1716 1979 1798 aqua,
2035 1725 2315 1772 remoto

242 1806 962 1886 obice,admitteretur
981 1809 1080 1877 Ita
1095 1811 1168 1878 δε
1183 1807 1583 1876 recreationi
1570 1802 1853 1874 alendae
1863 1803 2232 1900 prouisum
2238 1808 2312 1877 δε

242 1935 523 1983 cautum
541 1908 857 1992 floribuS,
914 1935 998 1980 ne
1013 1907 1095 1979 ad
1111 1907 1478 1979 siccitatem
1497 1910 1776 1976 nimiam
1797 1902 2020 1977 subito
2038 1933 2168 1976 con
2180 1930 2311 1976 tra-

243 2014 374 2084 han
387 2036 518 2094 tur,
545 2018 617 2086 &
631 2011 1086 2112 languescant.
1142 2014 1382 2082 Multis
1398 2012 1573 2081 hanc
1590 2013 1744 2080 artis
1759 2015 1833 2082 δέ
1847 2032 2097 2079 naturae
2116 2007 2314 2078 indu-

243 2116 468 2186 striam
498 2114 1215 2211 pulchritudinemque
1240 2112 1688 2185 collaudauim
1700 2139 1798 2182 us.
1847 2109 2033 2181 Cum
2060 2113 2197 2190 ille,
2239 2117 2311 2180 in
2355 2162 2357 2164 -

246 2219 663 2310 hoc,1nquit
678 2219 960 2287 vestram
978 2213 1404 2288 felicitatem
1387 2217 1749 2286 intuemini
1763 2241 1805 2282 o
1823 2211 2314 2282 Adolescentiae

243 2319 464 2390 flores.
469 2320 695 2389 Vestra
711 2321 852 2391 haec
869 2323 1011 2390 laus
1025 2321 1112 2389 est
1126 2346 1204 2391 ac
1218 2317 1680 2416 pulchritudo,
1688 2342 1803 2412 qui
1790 2314 1901 2384 ad
1916 2314 2314 2385 Sodalitates

247 2426 433 2494 velut
458 2423 753 2491 aureolas
781 2420 901 2492 sub
948 2426 1135 2493 IEsv
1173 2421 1547 2519 Mariaeque
1595 2418 1963 2540 insignibus
2012 2421 2314 2488 Hetaerio

244 2526 446 2596 Duce
462 2549 538 2592 ac
561 2521 999 2593 Moderatore
1025 2525 1454 2595 confluxistis.
1510 2523 1717 2592 Nulla
1743 2547 1864 2591 vos
1893 2517 2005 2590 hic
2033 2519 2315 2591 exsucca

238 2628 625 2698 deuotionis
641 2622 936 2696 ariditas
918 2649 1093 2695 mter
1107 2630 1219 2696 ista
1234 2630 1496 2724 pietatis
1511 2627 1780 2722 irrigua,
1789 2621 2318 2717 solatiorumque

237 2727 560 2806 affluxum
578 2728 1077 2809 destituit,nulla
1095 2729 1470 2803 bacchatur
1487 2751 1884 2810 ventorum,
1914 2724 2097 2806 idest,
2113 2728 2316 2795 vitio-

2050 2852 2204 2898 rum
