2414 3115
806 86 1296 147 „sontrrarts
1361 95 1545 139 ιεεν.
2107 107 2162 163 ⁶5

201 190 396 259 Alter
416 183 750 287 graduum
776 181 948 251 ordo
975 208 1058 253 ex
1075 184 1408 282 Sapphiro
1434 184 1820 275 surrexerat3
1851 191 1968 287 qui
1993 191 2157 286 lapis

96 291 289 390 quod
323 287 625 360 iucundo
654 308 904 362 naturae
944 288 1274 357 miraculo
1310 313 1728 385 conceptum
1757 292 1872 362 abs
1898 291 1960 362 se
1986 293 2047 360 C
2057 317 2158 363 ar.

99 395 480 466 bunculum
507 389 799 484 denique
829 412 1176 460 maturum
1214 390 1689 463 obstetricante
1729 395 1883 464 Sole
1918 398 2154 492 pariat:

108 498 294 570 hunc
312 497 586 573 titulum
604 513 961 573 merueram
1281 562 1285 564 a

694 590 1074 691 Matersttm
1089 591 1418 691 Soleparen
1427 615 1559 672 te).

200 694 471 766 Tertius
488 720 569 765 ex
584 691 912 790 Synodite
927 691 1143 790 lapide
1159 718 1298 764 erat
1311 695 1709 766 admirando
1723 754 1744 780 ‚
1782 702 1898 795 qui
1926 720 2163 799 praeter'

98 794 421 895 expressas
438 802 505 867 in
523 796 584 866 se
600 798 807 866 Lunae
825 795 1138 890 Solisque
1153 799 1504 895 imagines,
1530 803 1711 868 illam
1729 799 1928 872 refert
1940 803 2024 872 ad
2039 807 2164 875 hu·-

100 903 202 970 ius
229 902 408 973 velut
434 894 763 968 acceffum
795 894 1252 994 recessumque
1281 903 1700 991 incrementa
1726 902 2166 975 detrimenta·

102 999 234 1096 (lue
248 1004 640 1097 patientem.
657 999 880 1089 Qod
895 998 1059 1069 dum
1077 1025 1350 1071 mecum
1369 1004 1837 1099 expenderem,
1853 1006 2167 1101 quaedam

100 1104 272 1172 mihi
299 1105 648 1181 militantis
664 1099 967 1173 Ecclefiae
987 1101 1231 1199 species
1249 1102 1284 1172 ὲ
1300 1104 1809 1200 Spiritudiuino
1837 1110 2166 1198 illustratae

99 1203 579 1296 obuersabatur
594 1207 828 1273 animo
845 1255 863 1283 ,
889 1230 1039 1300 quae
1055 1204 1138 1273 ad
1151 1206 1263 1275 hui
1275 1231 1346 1276 us
1362 1206 1580 1276 radios
1597 1211 1744 1305 plus
1761 1207 2074 1284 minusve
2090 1215 2167 1281 il-

103 1304 781 1378 lucesceret.Fauebat
800 1309 1112 1401 opinioni
1130 1307 1419 1377 subieota
1433 1307 1811 1408 inscripti03

727 1408 1011 1479 -eAliem's
1021 1408 1488 1504 luceoflctmmis.

202 1510 500 1607 Virginis
516 1506 807 1603 denique
823 1534 1028 1578 aureo
1043 1512 1112 1577 in
1150 1513 1403 1579 throno
1433 1509 1861 1582 simulacrum
1891 1539 1971 1582 ex
1997 1516 2168 1582 Pan-

91 1603 293 1683 tarba
309 1635 448 1680 erat
464 1612 618 1678 miri
635 1604 911 1708 fulgoris
927 1608 1507 1708 gemm3,eiusque
1521 1615 1792 1684 virtutis
1808 1665 1828 1693 ,
1876 1637 1950 1685 vt
1966 1637 2173 1710 quot-

102 1737 278 1809 quot
294 1711 697 1783 adhibentur
713 1709 1176 1808 cuiuscunque
1191 1712 1440 1812 lapides
1456 1738 1708 1785 naturae
1723 1767 1742 1794 ‚
1758 1719 1904 1785 illos
1921 1719 1986 1786 vi
2005 1743 2172 1814 qua·

100 1815 260 1884 dam
279 1813 506 1884 innata
523 1865 541 1893 ,
571 1839 696 1884 ceu
711 1839 993 1883 examen
1014 1815 1289 1911 aliquod
1306 1842 1508 1913 apum
1526 1868 1544 1897 ‚
1562 1820 1825 1889 circum
1842 1820 2169 1917 colligat„

104 1916 468 2013 secumc'JUe
484 1915 844 1987 deuinciat.
873 1918 1182 1987 Plurimae
1198 1920 1377 1989 circa
1391 1921 1613 1989 Deam
1632 1944 1997 2017 puerorum
2018 1943 2172 1991 tum

101 2023 589 2116 Europaeorum
607 2073 628 2100 ,
656 2041 804 2090 tum
824 2022 1232 2089 Maurorum
1247 2020 1518 2119 lapideae
1533 2023 1758 2092 statuae
1774 2021 2174 2093 adhaeresce·

64 2175 70 2177 -
103 2122 482 2202 bant,nullo
499 2122 629 2190 alio
645 2117 851 2217 quam
872 2144 1122 2191 naturae
1138 2122 1583 2219 conspirantis
1601 2126 2057 2196 vinculozhaec
2076 2149 2174 2194 ta-

105 2249 260 2294 men
275 2225 580 2315 (Hetaerio
602 2226 817 2310 (cuius
834 2225 1023 2293 iuxta
1040 2222 1466 2295 simulacrum
1485 2234 1649 2317 erat)
1667 2223 1959 2323 potisfim
1972 2252 2084 2296 um
2106 2253 2174 2296 a-

99 2349 339 2426 gente,
376 2323 774 2422 mediosque
786 2350 904 2421 per
918 2323 1160 2426 gradus
1188 2327 1428 2398 statuas
1445 2327 1774 2399 educente
1799 2381 1818 2408 ,
1854 2330 2174 2402 ‘Societas

105 2430 687 2500 coaluerat.Vnius
702 2453 784 2496 ex
803 2452 917 2497 ore
933 2426 1068 2498 hoc
1083 2427 1419 2525 pendebat
1435 2431 1960 2517 hemistichium3

665 2531 743 2602 V
734 2534 936 2609 rinnon
951 2530 1276 2606 violentia,
1344 2536 1554 2633 ringis.

216 2630 573 2700 -Dolebam
590 2686 611 2716 ‚
628 2633 949 2702 inietstum
968 2631 1088 2702 effe
1104 2636 1375 2731 Virgini
1392 2658 1529 2717 tam
1552 2631 1886 2732 stupendae
1900 2683 1918 2712 ‚
1946 2629 2173 2728 seque»

104 2756 223 2832 per
237 2731 550 2807 Vmbram
567 2732 718 2806 satis
736 2740 935 2807 etiam
953 2734 1269 2834 prodenti
1285 2739 1515 2810 velum
1532 2787 1552 2819 ,
1593 2735 1860 2838 quodin
1869 2737 2171 2834 genitam

1229 2840 1298 2908 K
1778 2861 2068 2939 gemmae
